@ARTICLE{ovlvis,
  author = {Junemann, Konrad and Dinger, Jochen},
  title = {OvlVis: Visualization of Peer-to-Peer networks in simulation and testbed
environments},
  journal = {IEEE Conference for Communication and Network Security},
  year = {2008}
}

@online{PCWorld,
  author = {Robert Vamosi},
  title = {Security Experts Visualize Botnets With an Eye Toward Defense},
  year = 2009,
  url = {https://www.pcworld.com/article/167492/visualizing\_botnets.html},
}

@online{WhiteOps,
  author = {Billy Fink},
  title = {9 of History's Notable Botnets},
  url = {https://www.whiteops.com/blog/9-of-the-most-notable-botnets}
}

@INPROCEEDINGS{real_time, 
author={S. {Krasser} and G. {Conti} and J. {Grizzard} and J. {Gribschaw} and H. {Owen}}, 
booktitle={Proceedings from the Sixth Annual IEEE SMC Information Assurance Workshop}, 
title={Real-time and forensic network data analysis using animated and coordinated visualization}, 
year={2005}, 
volume={}, 
number={}, 
pages={42-49}, 
keywords={security of data;telecommunication security;real-time systems;data visualisation;data analysis;computer networks;pattern recognition;computer animation;real-time network data analysis;forensic network data analysis;animated visualization;coordinated visualization;malicious activity detection;malicious activity classification;information visualization;analytic loop;network traffic visualization system;link analysis;parallel coordinate plots;time-sequence animation;scatter plots;2D coordinated display;3D coordinated display;network activity;anomaly detection;security visualization;honeynet visualization;honeypot visualization;Forensics;Data analysis;Animation;Data visualization;Telecommunication traffic;Information analysis;Manuals;Humans;Scattering;Three dimensional displays}, 
doi={10.1109/IAW.2005.1495932}, 
ISSN={}, 
month={June},}

@ARTICLE{,
  author = {Orestis Tsigkas and Olivier Thonnard and Dimitrios Tzovaras},
  title = {Visual spam campaigns analysis using abstract graphs representation},
  journal = {IEEE Symposium on Visualization for Cyber Security},
  year = {2012}
}

@INPROCEEDINGS{context_net, 
author={C. C. {Gray} and P. D. {Ritsos} and J. C. {Roberts}}, 
booktitle={2015 IEEE Symposium on Visualization for Cyber Security (VizSec)}, 
title={Contextual network navigation to provide situational awareness for network administrators}, 
year={2015}, 
volume={}, 
number={}, 
pages={1-8}, 
keywords={computer network security;data visualisation;Internet;IP networks;telecommunication network routing;IP transit suppliers;incomplete routing pathways;commercial relationships;best-efforts identification;routing paths;visualization technique;hairballs;Internet;network maps;IP;subnet;network steam;attacks sources;network administrators;situational awareness;contextual network navigation;Internet;Peer-to-peer computing;Visualization;Routing;Navigation;Data visualization;Planning}, 
doi={10.1109/VIZSEC.2015.7312769}, 
ISSN={}, 
month={Oct},}

@ARTICLE{packet_vis, 
author={G. {Conti} and K. {Abdullah} and J. {Grizzard} and J. {Stasko} and J. A. {Copeland} and M. {Ahamad} and H. L. {Owen} and C. {Lee}}, 
journal={IEEE Computer Graphics and Applications}, 
title={Countering security information overload through alert and packet visualization}, 
year={2006}, 
volume={26}, 
number={2}, 
pages={60-70}, 
keywords={data visualisation;security of data;interactive systems;graphical user interfaces;alert visualization;packet visualization;network security visualization system;end-to-end design;security professional;interactive technique;graphical techniques;Information security;Visualization;Computer security;Humans;Data security;Statistical analysis;Information analysis;Intrusion detection;Protocols;Hardware;alert visualization;payload visualization;packet visualization;log visualization;network visualization;Computer Communication Networks;Computer Graphics;Information Storage and Retrieval;Signal Processing, Computer-Assisted;Software;User-Computer Interface}, 
doi={10.1109/MCG.2006.30}, 
ISSN={0272-1716}, 
month={March},}

@INPROCEEDINGS{gridmapper, 
author={W. {Allcock} and J. {Bester} and J. {Bresnahan} and I. {Foster} and J. {Gawor} and J. A. {Insley} and J. M. {Link} and M. E. {Papka}}, 
booktitle={Proceedings 11th IEEE International Symposium on High Performance Distributed Computing}, 
title={GridMapper: a tool for visualizing the behavior of large-scale distributed systems}, 
year={2002}, 
volume={}, 
number={}, 
pages={179-187}, 
keywords={distributed processing;multiprocessing systems;monitoring;performance evaluation;data visualisation;GridMapper;large-scale distributed systems;monitoring;system performance visualisation;resource placement;distributed computing environment;Large-scale systems;Data visualization;Monitoring;Application software;Distributed computing;Displays;Mathematics;Computer science;Laboratories;Computer networks}, 
doi={10.1109/HPDC.2002.1029917}, 
ISSN={1082-8907}, 
month={July},}
