@ARTICLE{survey,
  author = {Wei Chen, Fangzhou Guo, Fei-Yue Wang},
  title = {A Survey of Traffic Data Visualization},
  journal = {IEEE Transactions on Intelligent Transportation Systems},
  year = {2015},
  pages = {2970--2984}
}

@article{InteractiveVisualization,
  title={Interactive visualization of multivariate trajectory data with density maps},
  author={Roeland Scheepens, Niels Willems, Huub van de Wetering, Jarke J. van Wijk},
  journal={IEEE Pacific Visualization Symposium},
  year={2011},
  publisher={IEEE}
}
