% This is annote.bib
% Author: Ayman Ammoura
% A demo for CMPUT 603 Fall 2002.
% The order of the following entries is irrelevant. They will be sorted according to the
% bibliography style used.
%%%%%%%%%%%%%%%%%%%%%%%%%%%%%%%%%%%%%%%%%%%%%%%%%%%%%%%%%%%%%%%%%%%%%%%%%%%%%%%%%%%%%%%%%

% The following is a conference paper


%%

@article{vogel2011understanding,
  title={Understanding bike-sharing systems using data mining: Exploring activity patterns},
  author={Vogel, Patrick and Greiser, Torsten and Mattfeld, Dirk Christian},
  journal={Procedia-Social and Behavioral Sciences},
  volume={20},
  pages={514--523},
  year={2011},
  publisher={Elsevier}
}

%%

@inproceedings{bargar2014interactive,
  title={Interactive visual analytics for multi-city bikeshare data analysis},
  author={Bargar, Alicia and Gupta, Amrita and Gupta, Srishti and Ma, Ding},
  booktitle={The 3rd International Workshop on Urban Computing (UrbComp 2014), New York, USA},
  volume={45},
  year={2014}
}

@article{oliveira2016visual,
  title={Visual analysis of bike-sharing systems},
  author={Oliveira, Guilherme N and Sotomayor, Jose L and Torchelsen, Rafael P and Silva, Cl{\'a}udio T and Comba, Jo{\~a}o LD},
  journal={Computers \& Graphics},
  volume={60},
  pages={119--129},
  year={2016},
  publisher={Elsevier}
}

@inproceedings{espegren2016static,
  title={The static bicycle repositioning problem-literature survey and new formulation},
  author={Espegren, Hans Martin and Kristianslund, Johannes and Andersson, Henrik and Fagerholt, Kjetil},
  booktitle={International Conference on Computational Logistics},
  pages={337--351},
  year={2016},
  organization={Springer}
}

@article{yan2018visual,
  title={Visual analytics of bike-sharing data based on tensor factorization},
  author={Yan, Yuyu and Tao, Yubo and Xu, Jin and Ren, Shuilin and Lin, Hai},
  journal={Journal of Visualization},
  volume={21},
  number={3},
  pages={495--509},
  year={2018},
  publisher={Springer}
}

