@article{robertson2008effectiveness,
  title={Effectiveness of animation in trend visualization},
  author={Robertson, George and Fernandez, Roland and Fisher, Danyel and Lee, Bongshin and Stasko, John},
  journal={IEEE transactions on visualization and computer graphics},
  volume={14},
  number={6},
  pages={1325--1332},
  year={2008},
  publisher={IEEE}
}

@article{ruginski2016non,
  title={Non-expert interpretations of hurricane forecast uncertainty visualizations},
  author={Ruginski, Ian T and Boone, Alexander P and Padilla, Lace M and Liu, Le and Heydari, Nahal and Kramer, Heidi S and Hegarty, Mary and Thompson, William B and House, Donald H and Creem-Regehr, Sarah H},
  journal={Spatial Cognition \& Computation},
  volume={16},
  number={2},
  pages={154--172},
  year={2016},
  publisher={Taylor \& Francis}
}

@inproceedings{ward1994xmdvtool,
  title={Xmdvtool: Integrating multiple methods for visualizing multivariate data},
  author={Ward, Matthew O},
  booktitle={Proceedings of the Conference on Visualization'94},
  pages={326--333},
  year={1994},
  organization={IEEE Computer Society Press}
}

@article{dibiase1992animation,
  title={Animation and the role of map design in scientific visualization},
  author={DiBiase, David and MacEachren, Alan M and Krygier, John B and Reeves, Catherine},
  journal={Cartography and geographic information systems},
  volume={19},
  number={4},
  pages={201--214},
  year={1992},
  publisher={Taylor \& Francis}
}